<record><leader>00000cas a2200000 a 4500</leader><controlfield tag="001">8787195</controlfield><controlfield tag="008">820918c19809999ksudr ne      0   a0eng  </controlfield><datafield ind1=" " ind2=" " tag="010"><subfield code="a">sn 82014720 </subfield></datafield><datafield ind1=" " ind2=" " tag="040"><subfield code="a">DLC</subfield><subfield code="b">eng</subfield><subfield code="c">DLC</subfield><subfield code="d">NPT</subfield><subfield code="d">DLC</subfield><subfield code="d">NSD</subfield><subfield code="d">DLC</subfield><subfield code="d">OCLCQ</subfield><subfield code="d">CUI</subfield><subfield code="d">OCLCF</subfield><subfield code="d">DLC</subfield></datafield><datafield ind1="1" ind2=" " tag="022"><subfield code="a">1067-1994</subfield><subfield code="l">1067-1994</subfield><subfield code="2">1</subfield></datafield><datafield ind1="1" ind2=" " tag="029"><subfield code="a">AU@</subfield><subfield code="b">000020393933</subfield></datafield><datafield ind1="1" ind2=" " tag="029"><subfield code="a">NZ1</subfield><subfield code="b">16075755</subfield></datafield><datafield ind1=" " ind2=" " tag="032"><subfield code="a">633540</subfield><subfield code="b">USPS</subfield></datafield><datafield ind1=" " ind2=" " tag="037"><subfield code="a">Topeka Capital-Journal, 616 Jefferson, Topeka, KS 66607</subfield></datafield><datafield ind1=" " ind2=" " tag="042"><subfield code="a">nsdp</subfield><subfield code="a">pcc</subfield></datafield><datafield ind1=" " ind2=" " tag="043"><subfield code="a">n-us-ks</subfield></datafield><datafield ind1="0" ind2="0" tag="050"><subfield code="a">Newspaper</subfield></datafield><datafield ind1=" " ind2="4" tag="050"><subfield code="a">AN</subfield></datafield><datafield ind1="0" ind2=" " tag="130"><subfield code="a">Topeka capital-journal (Topeka, Kan. : Morning ed.)</subfield></datafield><datafield ind1=" " ind2="0" tag="222"><subfield code="a">Topeka capital-journal</subfield><subfield code="b">(Topeka, Kan. Morning ed.)</subfield></datafield><datafield ind1="1" ind2="4" tag="245"><subfield code="a">The Topeka capital-journal.</subfield></datafield><datafield ind1="1" ind2="3" tag="246"><subfield code="a">Topeka capital journal</subfield></datafield><datafield ind1="1" ind2="3" tag="246"><subfield code="a">Capital-journal</subfield></datafield><datafield ind1="3" ind2=" " tag="246"><subfield code="a">Capital journal</subfield></datafield><datafield ind1="1" ind2=" " tag="246"><subfield code="i">Issues for Sunday published as:</subfield><subfield code="a">Topeka Sunday capital-journal</subfield></datafield><datafield ind1=" " ind2=" " tag="250"><subfield code="a">Morning ed.</subfield></datafield><datafield ind1=" " ind2=" " tag="260"><subfield code="a">Topeka, Kan. :</subfield><subfield code="b">J.H. Stauffer,</subfield><subfield code="c">1980-</subfield></datafield><datafield ind1=" " ind2=" " tag="300"><subfield code="a">v.</subfield></datafield><datafield ind1=" " ind2=" " tag="310"><subfield code="a">Daily</subfield></datafield><datafield ind1="0" ind2=" " tag="362"><subfield code="a">Vol. 106, no. 307 (Sept. 2, 1980)-</subfield></datafield><datafield ind1=" " ind2=" " tag="500"><subfield code="a">Publisher: Stauffer Communications, &lt;Oct. 16, 1992-&gt;</subfield></datafield><datafield ind1=" " ind2=" " tag="500"><subfield code="a">Masthead title includes day of the week.</subfield></datafield><datafield ind1=" " ind2=" " tag="530"><subfield code="a">Also available on microfilm from Bell &amp; Howell Information and Learning.</subfield></datafield><datafield ind1=" " ind2=" " tag="580"><subfield code="a">Issued also in an evening ed., Sept. 2-Dec. 31, 1980.</subfield></datafield><datafield ind1=" " ind2=" " tag="580"><subfield code="a">Merger of: Topeka dily capital, and: Topeka state journal (Topeka, Kan. : Daily).</subfield></datafield><datafield ind1=" " ind2=" " tag="588"><subfield code="a">Latest issue consulted: Vol. 126, no. 245 (July 1, 2000).</subfield></datafield><datafield ind1=" " ind2="0" tag="651"><subfield code="a">Topeka (Kan.)</subfield><subfield code="v">Newspapers.</subfield></datafield><datafield ind1=" " ind2="0" tag="651"><subfield code="a">Shawnee County (Kan.)</subfield><subfield code="v">Newspapers.</subfield></datafield><datafield ind1=" " ind2="7" tag="651"><subfield code="a">Kansas</subfield><subfield code="z">Shawnee County.</subfield><subfield code="2">fast</subfield><subfield code="0">(OCoLC)fst01218523</subfield></datafield><datafield ind1=" " ind2="7" tag="651"><subfield code="a">Kansas</subfield><subfield code="z">Topeka.</subfield><subfield code="2">fast</subfield><subfield code="0">(OCoLC)fst01207212</subfield></datafield><datafield ind1=" " ind2="7" tag="655"><subfield code="a">Newspapers.</subfield><subfield code="2">fast</subfield><subfield code="0">(OCoLC)fst01423814</subfield></datafield><datafield ind1=" " ind2=" " tag="752"><subfield code="a">United States</subfield><subfield code="b">Kansas</subfield><subfield code="c">Shawnee</subfield><subfield code="d">Topeka.</subfield></datafield><datafield ind1="1" ind2=" " tag="775"><subfield code="t">Topeka capital-journal (Topeka, Kan. : Evening ed.)</subfield><subfield code="w">(DLC)sn 85067244</subfield><subfield code="w">(OCoLC)12833181</subfield></datafield><datafield ind1="1" ind2="4" tag="780"><subfield code="t">Topeka daily capital</subfield><subfield code="w">(DLC)sn 82015487</subfield><subfield code="w">(OCoLC)8817493</subfield></datafield><datafield ind1="1" ind2="4" tag="780"><subfield code="t">Topeka State journal</subfield><subfield code="x">2377-7117</subfield><subfield code="w">(DLC)sn 82016014</subfield><subfield code="w">(OCoLC)9124974</subfield></datafield><datafield ind1="4" ind2="1" tag="856"><subfield code="u">http://www.cjonline.com</subfield></datafield></record>